@misc{Asgaonkar2023,
	author = {Asgaonkar, Aditya},												
	title = {{Removing Unnecessary Stress from Ethereumâ€™s P2P Network}},
	url={https://ethresear.ch/t/removing-unnecessary-stress-from-ethereums-p2p-network/15547},
	year = {2023}
}

@article{Aitchison2016,
author = {Aitchison, Laurence and Corradi, Nicola and Latham, Peter E},
doi = {10.1371/journal.pcbi.1005110},
issn = {1553-7358 (Electronic)},
journal = {PLoS computational biology},
keywords = {Action Potentials,Databases,Entropy,Factual,Language,Models,Neurological,Theoretical},
language = {eng},
month = {dec},
number = {12},
pages = {e1005110},
pmid = {27997544},
title = {{Zipf's Law Arises Naturally When There Are Underlying, Unobserved Variables.}},
volume = {12},
year = {2016}
}

@misc{breslina,
	author = {Breslin, Andrew},												
	title = {{What is staking?}},
	url={https://consensys.net/blog/ethereum-2-0/what-is-staking/},
	year = {2022}
}


@misc{buterin2017a,
	author = {Buterin, Vitalik},
	keywords = {buterin2017a},
	mendeley-tags = {buterin2017a},
	number = {January 3, 2018},
	title = {{The Meaning of Decentralization}},
	url = {https://medium.com/@VitalikButerin/the-meaning-of-decentralization-a0c92b76a274},
	volume = {2018},
	year = {2017}
}


@misc{buterin2018c,
	author = {Buterin, Vitalik},												
	pages = {8},
	title = {{Discouragement Attacks}},
	url={https://eips.ethereum.org/assets/eip-2982/ef-Discouragement-Attacks.pdf},
	year = {2018}
}


@misc{buterin2023,
	author = {Buterin, Vitalik},												
	title = {{Paths toward single-slot finality}},
	url={https://notes.ethereum.org/@vbuterin/single\_slot\_finality},
	year = {2023}
}

@misc{buterin2023a,
	author = {Buterin, Vitalik},												
	title = {{Don`t overload Ethereum`s consensus}},
	url={https://vitalik.ca/general/2023/05/21/dont\_overload.html},
	year = {2023}
}

@book{chattamvelli,
  author = {Chattamvelli, Rajan},
  booktitle = {Discrete distributions in engineering and the applied sciences},
  isbn = {1-68173-864-3},
  publisher = {Morgan {\&} Claypool Publishers},
  series = {Synthesis lectures on mathematics and statistics ; 34},
  title = {{Discrete distributions in engineering and the applied sciences}},
  year = {2020}
}


@misc{corva2023,
	author = {Corva,Matt and Hughes, Bill},												
	title = {{Staking is Data Validation, Not Investment}},
	url={https://consensys.net/blog/news/staking-is-data-validation-not-investment/},
	year = {2023}
}


@comment{cowelletal1999,
	author={Cowell, RG and Dawid, P and Lauritzen, SL and Spiegelhalter, DJ},
	year={1999},
	title={Probabilistic Networks and Expert Systems. Exact Computational Methods for Bayesian Networks}
}


@misc{damato2023,
	author = {D'Amato, Francesco and Neuder, Mike },												
	title = {{Security Considerations and Spec Changes for a MAX\_EFFECTIVE\_BALANCE Increase}},
	url={https://notes.ethereum.org/@fradamt/meb-increase-security},
	year = {2023}
}
 

@misc{dapplion,
	author = {dapplion},												
	title = {{Ethereum specs pull request: Add upper epoch churn limit \#3448}},
	url={https://github.com/ethereum/consensus-specs/pull/3448},
	year = {2023}
}

@techreport{Edgington2023,
author = {Edgington, Benjamin},
title = {{A technical handbook on Ethereum's move to proof of stake and beyond}},
url = {https://eth2book.info/latest},
year = {2023}
}

@misc{easunshine,
	author = {Ether alpha},												
	title = {{Project Sunshine}},
	url={https://ethsunshine.com/},
	year = {2023}
}

@misc{ea2023c,
	author = {Ether alpha},												
	title = {{Client diversity: Resource site to assist in Ethereum client diversity efforts}},
	url={https://clientdiversity.org/},
	year = {2023}
}


@misc{ea2023q,
	author = {Ether alpha},												
	title = {{Validator queue: Dashboard to monitor validator enter/exit queues and wait times}},
	url={https://www.validatorqueue.com/},
	year = {2023}
}

@misc{etherscan,
	author = {Etherscan},												
	title = {{BeaconScan: The Official Etherscan Beacon Chain Ethereum 2.0 Explorer}},
	url={https://beaconscan.com/},
	year = {2023}
}

@misc{efpools,
	author = {ethereum.org},												
	title = {{Pooled staking}},
	url={https://ethereum.org/en/staking/pools/},
	year = {2022}
}


@misc{efsaas,
	author = {ethereum.org},												
	title = {{Staking as a service (Saas)}},
	url={https://ethereum.org/en/staking/saas/},
	year = {2022}
}

@misc{efsolo,
	author = {ethereum.org},												
	title = {{Solo staking}},
	url={https://ethereum.org/en/staking/solo/},
	year = {2022}
}

@misc{efstaking,
	author = {ethereum.org},												
	title = {{Staking with Ethereum}},
	url={https://ethereum.org/en/staking/
	},
	year = {2022}
}


@comment{FentonNeil2019,
	author={Fenton, Norman and Neil, M},
	year={2019},
	title={Risk Assessment and Decision Analysis with Bayesian Networks},
	edition= {Second},
	publisher={Chapman \& Hall}
}

@techreport{Gencer,
	address = {Berlin, Heidelberg},
	archivePrefix = {arXiv},
	arxivId = {1801.03998v2},
	author = {Gencer, Adem Efe and Basu, Soumya and Eyal, Ittay and {Van Renesse}, Robbert and Sirer, Emin G{\"{u}}n},
	booktitle = {Financial Cryptography and Data Security},
	editor = {Meiklejohn, Sarah and Sako, Kazue},
	eprint = {1801.03998v2},
	isbn = {978-3-662-58387-6},
	pages = {1--18},
	publisher = {Springer Berlin Heidelberg},
	title = {{Decentralization in Bitcoin and Ethereum Networks}},
	url = {https://arxiv.org/pdf/1801.03998.pdf},
	year = {2018}
}

@comment{heimbach2023ethereums,
archivePrefix = {arXiv},
arxivId = {cs.DC/2305.19037},
author = {Heimbach, Lioba and Kiffer, Lucianna and Torres, Christof Ferreira and Wattenhofer, Roger},
eprint = {2305.19037},
primaryClass = {cs.DC},
title = {{Ethereum's Proposer-Builder Separation: Promises and Realities}},
year = {2023}
}

@misc{lidodoc,
	author = {Hex},												
	title = {{Lido on Ethereum Validator \& Node metrics}},
	url={https://app.hex.tech/8dedcd99-17f4-49d8-944e-4857a355b90a/app/3f7d6967-3ef6-4e69-8f7b-d02d903f045b/latest},
	year = {2023}
}

@comment{JensonNielson2007,
	author = {Jenson, Finn V and Nielsen, Thomas Dyhre},
	address = {New York, NY},
	edition = {Second},
	isbn = {0-387-68282-1},
	keywords = {Botany},
	year = {2007},
	publisher = {Springer New York},
	series = {Information Science and Statistics},
	title = {Bayesian Networks and Decision Graphs},
}

@comment{Johnson2012a,
	author = {Johnson, S. and Mengersen, K.},
	doi = {10.1002/ieam.274},
	issn = {15513793},
	journal = {Integrated Environmental Assessment and Management},
	keywords = {Adaptive management,Cheetah,Iterative BN development cycle,Lyngbya,Object-oriented bayesian network},
	number = {3},
	title = {{Integrated Bayesian network framework for modeling complex ecological issues}},
	volume = {8},
	year = {2012}
}


@comment{Johnson2013,
	author = {Johnson, Sandra and Marker, Laurie and Mengersen, Kerrie and Gordon, Chris H. and Melzheimer, 	J{\"{o}}rg and Schmidt-K{\"{u}}ntzel, Anne and Nghikembua, Matti and Fabiano, Ezequiel and Henghali, Josephine and Wachter, Bettina},
	doi = {10.1890/ES12-00357.1},
	issn = {2150-8925},
	journal = {Ecosphere},
	keywords = {Acinonyx jubatus,Carnivore conservation,IBNDC,Integrated modeling,Namibia,Object-oriented Bayesian network (OOBN),Parallel modeling,Population viability,Predator conservation,Wildlife management},
	month = {jul},
	number = {7},
	pages = {art90},
	title = {{Modeling the viability of the free-ranging cheetah population in Namibia: an object-oriented Bayesian network approach}},
	url = {http://doi.wiley.com/10.1890/ES12-00357.1},
	volume = {4},
	year = {2013}
}

@article{JonesCharlesI.2015PaPT,
author = {Jones, Charles I},
file = {:Users/sandra/Documents/Mendeley/Jones/2015/Jones - 2015 - Pareto and Piketty The Macroeconomics of Top Income and Wealth Inequality.pdf:pdf},
issn = {0895-3309},
journal = {The Journal of economic perspectives},
number = {1},
pages = {29--46},
publisher = {American Economic Association},
title = {{Pareto and Piketty: The Macroeconomics of Top Income and Wealth Inequality}},
volume = {29},
year = {2015}
}

@comment{KjaerulffMadsen2013,
	author = {Kj{\ae}rulff, Uffe B. and Madsen, Anders L.},
	title = {Bayesian Networks and Influence Diagrams --- A Guide to Construction and Analysis},
	edition = {2nd},
	publisher = {Springer},
	year = {2013}}

@misc{koliopoulos2023,
	author = {Koliopoulos, Aris},												
	title = {{Solo stakers: The backbone of Ethereum}},
	url={https://blog.rated.network/blog/solo-stakers},
	year = {2023}
}


@comment{KollerPfeffer1997,
	address = {Providence, Rhode Island},
	author = {Koller, Daphne and Pfeffer, Avi},
	series = {Thirteenth Annual Conference on Uncertainty in Artificial Intelligence (UAI-97)},
	pages = {302--313},
	title = {{Object-oriented Bayesian Networks}},
	year = {1997}
}

@article{Kondor2014,
	address = {SAN FRANCISCO},
	author = {Kondor, D{\'{a}}niel and P{\'{o}}sfai, M{\'{a}}rton and Csabai, Istv{\'{a}}n and Vattay, G{\'{a}}bor},
	issn = {1932-6203},
	journal = {PloS one},
	number = {2},
	pages = {e86197--e86197},
	publisher = {Public Library Science},
	title = {{Do the rich get richer? An empirical analysis of the Bitcoin transaction network}},
	volume = {9},
	year = {2014}
}


@comment{KorbNicholson2011,
	author={Korb, Kevin and Nicholson, Ann},
	year={2011},
	title={Bayesian Artificial Intelligence},
	edition={2nd}, 
	publisher={CRC Press, Chapman and Hall}
}

@comment{KoskiNoble2009,
	author={Koski, T and Noble, JM},
	year={2009},
	title={Bayesian Networks: An Introduction},
	publisher={Wiley \& Sons, Ltd},
	series={Wiley Series in Probability and Statistics}
}

@comment{Lauritzenetal1990,
	author={Lauritzen, SL  and Dawid, AP and Larsen, BN and Leimer, HG},
	year={1990}, 
	title={Independence properties of directed Markov fields},
	journal={Networks},
	volume={20}, 
	pages={491--505}
}


@article{Lin2021,
	archivePrefix = {arXiv},
	arxivId = {2101.10699},
	author = {Lin, Qinwei and Li, Chao and Zhao, Xifeng and Chen, Xianhai},
	eprint = {2101.10699},
	month = {jan},
	pages = {1--8},
	title = {{Measuring Decentralization in Bitcoin and Ethereum using Multiple Metrics and Granularities}},
	url = {http://arxiv.org/abs/2101.10699},
	year = {2021}
}

@misc{liquid2023,
	author = {Liquid Collective},												
	title = {{Ethereum's activation and exit queues}},
	url={https://liquidcollective.io/eth-activations-and-exits/},
	year = {2023}
}

@comment{Marcot2007,
	author = {Marcot, Bruce G and Steventon, J Douglas and Sutherland, Glenn D and McCann, Robert K},
	doi = {10.1139/x06-135},
	issn = {0045-5067},
	journal = {Canadian Journal of Forest Research},
	title = {{Guidelines for developing and updating Bayesian belief networks applied to ecological modeling and conservation}},
	year = {2007}
}

@comment{nakamoto2008,
	Author = {Nakamoto, Satoshi},
	File = {:Users/peterrobinson/Library/Application Support/Mendeley Desktop/Downloaded/bitcoin.pdf:pdf},
	Keywords = {nakamoto2008},
	Mendeley-Tags = {nakamoto2008},
	Title = {{Bitcoin: A Peer-to-Peer Electronic Cash System}},
	Url = {https://bitcoin.org/bitcoin.pdf},
	Year = {2008},
	Bdsk-Url-1 = {https://bitcoin.org/bitcoin.pdf}}
	
@misc{nanseneth2,
	author = {Nansen},												
	title = {{Eth2 Dashboard}},
	url={https://pro.nansen.ai/eth2-deposit-contract},
	year = {2023}
}
	
@misc{nansenshapella,
	author = {Nansen},												
	title = {{The Ethereum Shanghai (Shapella) Upgrade Dashboard}},
	url={https://query.nansen.ai/public/dashboards/Hk93n66vsO0uvycfui8ypF2xcpNhpraxfwX5AWZJ},
	year = {2023}
}

	
@techreport{Natale2022,
	author = {Natale, U},
	institution = {Chorus},
	title = {{Analyzing Ethereum Cryptoeconomics: the validator's perspective}},
	url={https://docs.google.com/document/d/1r640UQOm2z-Q9nsJzqBq3BVgCtTL1\_Yc7WnPp4jEBgk},
	year = {2022}
}


@misc{Neuder2023a,
	author = {Neuder, Mike and D'Amato, Francesco and Asgaonkar, Aditya and Drake, Justin},												
	title = {{Increase the MAX\_EFFECTIVE\_BALANCE â€“ a modest proposal}},
	url={https://ethresear.ch/t/increase-the-max-effective-balance-a-modest-proposal/15801/3},
	year = {2023}
}

@misc{Neuder2023b,
	author = {Neuder, Mike},												
	title = {Security Considerations and Spec Changes for a MAX\_EFFECTIVE\_BALANCE Increase},
	url={https://notes.ethereum.org/nHqON5l7SACkL\_nPwz8Vqw},
	year = {2023}
}

@misc{Neuder2023c,
	author = {Neuder, Mike},												
	title = {{EIP 7251 Maximum effective balance increase proposal [DRAFT]}},
	url={https://github.com/michaelneuder/EIPs/blob/max-eb-increase/EIPS/eip-increase-maxeb.md},
	year = {2023}
}	


@misc{Neuder2023d,
	author = {Neuder, Mike and Monnot, Barnab\'e},												
	title = {{[DRAFT] Slashing penalty analysis; EIP-7251}},
	url={https://notes.ethereum.org/@mikeneuder/slashings-eip-7251},
	year = {2023}
}		



@comment{Pearl1988,
	author = {Pearl, Judea},
	booktitle = {Networks of plausible inference},
	edition = {Rev. 2nd p},
	editor = {Morgan, Michael B and Jowell, Shirley and Genderen, Rich Van and Pearl, Daniel and Medoff, Linda},
	publisher = {Morgan Kaufmann Publishers, Inc.},
	series = {Morgan Kaufmann Series in Representation and Reasoning},
	title = {{Probabilistic reasoning in intelligent systems : networks of plausible inference }},
	year = {1988}
}

@comment{Pollinoetal2007,
	author = {Pollino, CA  and White, AK and Hart, BT},
	year = {2007},
	title = {Examination of conflicts and improved strategies for the management of an endangered Eucalypt species using Bayesian networks},
	journal = {Ecological Modelling},
	volume = {201}, 
	pages = {37--59}
}


@comment{Pourretetal2008,
	author = {Pourret, O and Naim, P and Marcot, B},
	year = {2008},
	title = {Bayesian Networks: A Practical Guide to Applications},
	publisher =  {Wiley \& Sons}
}

@misc{Rated2023a,
	author = {Rated network},												
	title = {{Network overview}},
	url={https://www.rated.network/overview?network=mainnet\&timeWindow=all\&rewardsMetric=average},
	year = {2023}
}

@techreport{RocketPool2023,
	author = {Rocket Pool},
	title = {{Rocket Pool: How Ethereum Staking Works}},
	url={https://docs.rocketpool.net/guides/staking/overview.html#how-ethereum-staking-works},
	year = {2023}
}

@misc{Saltini2023,
	author = {Saltini, Roberto},												
	title = {{Upper bound on the probability of one majority dishonest committee in the context of MAX\_EFFECTIVE\_BALANCE increase}},
	url={https://notes.ethereum.org/nHqON5l7SACkL_nPwz8Vqw},
	year = {2023}
}	

@comment{ScutariDenis2015,
	author = {Scutari, M and Denis, J-B},
	year = {2015},
	title = {Bayesian Networks: with Examples in R},
	publisher = {CRC Press, Chapman \& Hall/CRC},
	series = {Texts in Statistical Science}
}


@techreport{Smith2023,
	author = {Smith, James and Vasquez, Rodrigo},
	institution = {Ethereum Foundation and EthStaker},
	title = {{Staking survey: Key trends, take aways, and predictions}},
	url={https://lookerstudio.google.com/u/0/reporting/cafcee00-e1af-4148-bae8-442a88ac75fa/page/p_ja2srdhh2c},
	year = {2023}
}

@comment{Smith2012,
	author = {Smith, JQ},
	year = {2012},
	title =  {Bayesian Decision Analysis: Principles and Practice}, 
	publisher = {Cambridge University Press}
}

@misc{Srinivasan2017,
	annote = {Cite as
	Balaji S Srinivasan et al. Quantifying decentralization. https:
	//news.earn.com/quantifying-decentalization-e39db233c28e,
	[Accessed Nov. 2020], 2017. 
	From paper: Measuring Decentralisation in Bitcoin {\&} Ethereum ...},
	author = {Srinivasan, Balaji S. and Lee, Leland},
	booktitle = {news.earn.com},
	title = {{Quantifying Decentralization}},
	url = {https://news.earn.com/quantifying-decentralization-e39db233c28e},
	year = {2017}
}

@comment{wahrstatter2023blockchain,
archivePrefix = {arXiv},
arxivId = {cs.CR/2305.18545},
author = {Wahrst{\"{a}}tter, Anton and Ernstberger, Jens and Yaish, Aviv and Zhou, Liyi and Qin, Kaihua and Tsuchiya, Taro and Steinhorst, Sebastian and Svetinovic, Davor and Christin, Nicolas and Barczentewicz, Mikolaj and Gervais, Arthur},
eprint = {2305.18545},
primaryClass = {cs.CR},
title = {{Blockchain Censorship}},
year = {2023}
}

@comment{wahrstatter2023time,
archivePrefix = {arXiv},
arxivId = {cs.NI/2305.16468},
author = {Wahrst{\"{a}}tter, Anton and Zhou, Liyi and Qin, Kaihua and Svetinovic, Davor and Gervais, Arthur},
eprint = {2305.16468},
primaryClass = {cs.NI},
title = {{Time to Bribe: Measuring Block Construction Market}},
year = {2023}
}

@misc{wood2016a,
	Address = {Github},
	Author = {Wood, Gavin},
	Keywords = {wood2016a},
	Mendeley-Tags = {wood2016a},
	Number = {November 25, 2016},
	Pages = {Github site to create pdf},
	Title = {{Ethereum: a secure decentralized generalised transaction ledger}},
	Url = {https://github.com/ethereum/yellowpaper},
	Volume = {2016},
	Year = {2016},
	Bdsk-Url-1 = {https://github.com/ethereum/yellowpaper}}	
	

